<record><leader>00000cas a22000007a 4500</leader><controlfield tag="001">9512235</controlfield><controlfield tag="008">830516d19uu1987txuwr ne      0   a0eng d</controlfield><datafield ind1=" " ind2=" " tag="010"><subfield code="a">sn 83007800 </subfield></datafield><datafield ind1=" " ind2=" " tag="040"><subfield code="a">NSD</subfield><subfield code="b">eng</subfield><subfield code="c">NSD</subfield><subfield code="d">PPM</subfield><subfield code="d">OCLCQ</subfield></datafield><datafield ind1=" " ind2=" " tag="012"><subfield code="j">0</subfield><subfield code="m">d</subfield></datafield><datafield ind1="1" ind2=" " tag="022"><subfield code="a">0745-8541</subfield><subfield code="l">0745-8541</subfield><subfield code="2">1</subfield></datafield><datafield ind1=" " ind2=" " tag="037"><subfield code="b">Ennis Pub. Co., 108 W. Brown St., P.O. Box 426, Ennis, TX 75119</subfield></datafield><datafield ind1=" " ind2=" " tag="042"><subfield code="a">nsdp</subfield></datafield><datafield ind1=" " ind2="0" tag="222"><subfield code="a">Ennis Press</subfield></datafield><datafield ind1="0" ind2="0" tag="245"><subfield code="a">Ennis Press.</subfield></datafield><datafield ind1=" " ind2=" " tag="260"><subfield code="a">Ennis, Tex. :</subfield><subfield code="b">Ellis County Pub. Co.</subfield></datafield><datafield ind1=" " ind2=" " tag="300"><subfield code="a">v.</subfield></datafield><datafield ind1=" " ind2=" " tag="310"><subfield code="a">Weekly,</subfield><subfield code="b">&lt;Apr. 21, 1983-&gt;</subfield></datafield><datafield ind1=" " ind2=" " tag="321"><subfield code="a">Semiweekly,</subfield><subfield code="b">19 -</subfield></datafield><datafield ind1="0" ind2=" " tag="362"><subfield code="a">-v. 13, no. 8 (Oct. 2, 1987).</subfield></datafield><datafield ind1=" " ind2=" " tag="500"><subfield code="a">Publisher: Ellis County Pub. Co. &lt;1983&gt;</subfield></datafield><datafield ind1=" " ind2=" " tag="588"><subfield code="a">Description based on: Vol. 3, no. 17 (Dec. 17, 1977).</subfield></datafield><datafield ind1=" " ind2=" " tag="752"><subfield code="a">United States</subfield><subfield code="b">Texas</subfield><subfield code="c">Ellis</subfield><subfield code="d">Ennis.</subfield></datafield><datafield ind1="0" ind2="0" tag="785"><subfield code="t">Press (Ennis, Tex.)</subfield><subfield code="x">0896-5943</subfield><subfield code="w">(DLC)sn 87007512</subfield></datafield><datafield ind1=" " ind2=" " tag="936"><subfield code="a">Apr. 21, 1983</subfield></datafield><datafield ind1="1" ind2=" " tag="029"><subfield code="a">AU@</subfield><subfield code="b">000025801282</subfield></datafield></record>